% Bibliografia da Pré-Tese
% Referências específicas da área de gestão de medicação hospitalar e sistemas de informação em saúde

% =============================================================================
% REFERÊNCIAS GERAIS
% =============================================================================

@book{bowles2020,
    author = "Bowles, J. K. and Mendoza-Santana, J. and Vermeulen, A. F. and Webber, T. and Blackledge, E.",
    title = "Integrating healthcare data for enhanced citizen-centred care and analytics",
    booktitle = "Integrated Citizen Centered Digital Health and Social Care",
    publisher = "IOS Press",
    year = "2020",
    pages = "17-21"
}

@article{kallio2020,
    author = "Kallio, S. and Eskola, T. and Pohjanoksa-Mäntylä, M. and Airaksinen, M.",
    title = "Medication risk management in routine dispensing in community pharmacies",
    journal = "International Journal of Environmental Research and Public Health",
    year = "2020",
    volume = "17",
    number = "21",
    pages = "8186",
    doi = "10.3390/ijerph17218186"
}

@article{belle2013,
    author = "Belle, A. and Kon, M. A. and Najarian, K.",
    title = "Biomedical Informatics for Computer‐Aided Decision Support Systems: A Survey",
    journal = "The Scientific World Journal",
    year = "2013",
    volume = "2013",
    number = "1",
    pages = "769639"
}

@article{hawley2019,
    author = "Hawley, C. E. and Triantafylidis, L. K. and Phillips, S. C. and Schwartz, A. W.",
    title = "Brown bag simulation to improve medication management in older adults",
    journal = "MedEdPORTAL",
    year = "2019",
    volume = "15",
    pages = "10857"
}

@article{nkenyereye2016,
    author = "Nkenyereye, L. and Jang, J. W.",
    title = "Performance evaluation of server-side javascript for healthcare hub server in remote healthcare monitoring system",
    journal = "Procedia Computer Science",
    year = "2016",
    volume = "98",
    pages = "382-387"
}

% =============================================================================
% SISTEMAS DE GESTÃO MEDICAMENTOSA EM AMBIENTE HOSPITALAR
% =============================================================================

@article{vaghasiya2023,
    author = "Vaghasiya, Milan R. and Poon, Simon K. and Gunja, Naren and Penm, Jonathan",
    title = "The Impact of an Electronic Medication Management System on Medication Deviations on Admission and Discharge from Hospital",
    journal = "International Journal of Environmental Research and Public Health",
    year = "2023",
    volume = "20",
    number = "3",
    pages = "1879",
    doi = "10.3390/ijerph20031879"
}

@article{shermock2023,
    author = "Shermock, Susan B. and Shermock, Kenneth M. and Schepel, Lotta L.",
    title = "Closed-Loop Medication Management with an Electronic Health Record System in U.S. and Finnish Hospitals",
    journal = "International Journal of Environmental Research and Public Health",
    year = "2023",
    volume = "20",
    number = "17",
    pages = "6680",
    doi = "10.3390/ijerph20176680"
}

@article{kazemi2016,
    author = "Kazemi, Alireza and Rabiei, Reza and Moghaddasi, Hamid and Deimazar, Ghasem",
    title = "Pharmacy Information Systems in Teaching Hospitals: A Multi-dimensional Evaluation Study",
    journal = "Healthcare Informatics Research",
    year = "2016",
    volume = "22",
    number = "3",
    pages = "231-237",
    doi = "10.4258/hir.2016.22.3.231"
}

@article{franzoso2014,
    author = "Franzoso, Gianpaolo",
    title = "An effective tool to manage the distribution of medicines and monitor the treatment in hospital pharmacies",
    journal = "Online Journal of Public Health Informatics",
    year = "2014",
    volume = "6",
    number = "2",
    pages = "e183",
    doi = "10.5210/ojphi.v6i2.5315"
}

@article{franklin2007,
    author = "Franklin, B. D. and O'Grady, K. and Donyai, P. and Jacklin, A. and Barber, N.",
    title = "The impact of a closed-loop electronic prescribing and administration system on prescribing errors, administration errors and staff time: A before-and-after study",
    journal = "Quality and Safety in Health Care",
    year = "2007",
    volume = "16",
    pages = "279-284",
    doi = "10.1136/qshc.2006.019497"
}

@article{austin2018,
    author = "Austin, J. A. and Smith, I. R. and Tariq, A.",
    title = "The impact of closed-loop electronic medication management on time to first dose: A comparative study between paper and digital hospital environments",
    journal = "International Journal of Pharmacy Practice",
    year = "2018",
    volume = "26",
    pages = "526-533",
    doi = "10.1111/ijpp.12432"
}

@article{zheng2021,
    author = "Zheng, W. Y. and Lichtner, V. and Van Dort, B. A. and Baysari, M. T.",
    title = "The impact of introducing automated dispensing cabinets, barcode medication administration, and closed-loop electronic medication management systems on work processes and safety of controlled medications in hospitals: A systematic review",
    journal = "Research in Social and Administrative Pharmacy",
    year = "2021",
    volume = "17",
    pages = "832-841",
    doi = "10.1016/j.sapharm.2020.08.001"
}

% =============================================================================
% SEGURANÇA NA MEDICAÇÃO E PREVENÇÃO DE ERROS
% =============================================================================

@article{ciapponi2021,
    author = "Ciapponi, A. and Fernandez Nievas, S. E. and Seijo, M. and Rodríguez, M. B. and Vietto, V. and García-Perdomo, H. A. and Virgilio, S. and Fajreldines, A. V. and Tost, J. and Rose, C. J.",
    title = "Reducing medication errors for adults in hospital settings",
    journal = "Cochrane Database of Systematic Reviews",
    year = "2021",
    volume = "25",
    pages = "CD009985",
    doi = "10.1002/14651858.CD009985.pub2"
}

@article{mulac2020,
    author = "Mulac, A. and Taxis, K. and Hagesaether, E. and Granas, A. G.",
    title = "Severe and fatal medication errors in hospitals: Findings from the Norwegian Incident Reporting System",
    journal = "European Journal of Hospital Pharmacy",
    year = "2020",
    volume = "28",
    pages = "e56-e61",
    doi = "10.1136/ejhpharm-2020-002298"
}

@article{linden2021,
    author = "Linden-Lahti, C. and Takala, A. and Holmström, A.-R. and Airaksinen, M.",
    title = "What Severe Medication Errors Reported to Health Care Supervisory Authority Tell About Medication Safety?",
    journal = "Journal of Patient Safety",
    year = "2021",
    volume = "17",
    pages = "e1179-e1185",
    doi = "10.1097/PTS.0000000000000914"
}

@misc{who2017,
    author = "{World Health Organization}",
    title = "Medication without Harm—WHO Global Patient Safety Challenge on Medication Safety",
    howpublished = "WHO, Geneva, Switzerland",
    year = "2017",
    url = "https://www.who.int/publications/i/item/WHO-HIS-SDS-2017.6"
}

@misc{who2022,
    author = "{World Health Organization}",
    title = "Medication Safety in Transitions of Care",
    howpublished = "WHO",
    year = "2022",
    url = "https://www.who.int/publications/i/item/WHO-UHC-SDS-2019.9"
}

% =============================================================================
% TECNOLOGIAS DE INFORMAÇÃO EM SAÚDE
% =============================================================================

@article{radley2013,
    author = "Radley, D. C. and Wasserman, M. R. and Olsho, L. E. and Shoemaker, S. J. and Spranca, M. D. and Bradshaw, B.",
    title = "Reduction in medication errors in hospitals due to adoption of computerized provider order entry systems",
    journal = "Journal of the American Medical Informatics Association",
    year = "2013",
    volume = "20",
    pages = "470-476",
    doi = "10.1136/amiajnl-2012-001241"
}

@article{moss2015,
    author = "Moss, J. and Berner, E. S.",
    title = "Evaluating clinical decision support tools for medication administration safety in a simulated environment",
    journal = "International Journal of Medical Informatics",
    year = "2015",
    volume = "84",
    pages = "308-318",
    doi = "10.1016/j.ijmedinf.2015.01.018"
}

@article{keasberry2017,
    author = "Keasberry, J. and Scott, I. and Sullivan, C. and Staib, A. and Ashby, R.",
    title = "Going digital: A narrative overview of the clinical and organisational impacts of eHealth technologies in hospital practice",
    journal = "Australian Health Review",
    year = "2017",
    volume = "41",
    pages = "646-664",
    doi = "10.1071/AH16233"
}

@article{hertzum2022,
    author = "Hertzum, M. and Ellingsen, G. and Cajander, Å.",
    title = "Implementing Large-Scale Electronic Health Records: Experiences from implementations of Epic in Denmark and Finland",
    journal = "International Journal of Medical Informatics",
    year = "2022",
    volume = "167",
    pages = "104868",
    doi = "10.1016/j.ijmedinf.2022.104868"
}

% =============================================================================
% ORACLE DATABASE EM SISTEMAS DE SAÚDE
% =============================================================================

@article{jiang2014,
    author = "Jiang, Xiao Ming",
    title = "Design and Implementation of Computer Equipment Management System Based on Oracle Database",
    journal = "Applied Mechanics and Materials",
    year = "2014",
    volume = "644-650",
    pages = "3157-3159",
    doi = "10.4028/www.scientific.net/AMM.644-650.3157"
}

@article{lin2018,
    author = "Lin, S. C. and Jha, A. K. and Adler-Milstein, J.",
    title = "Electronic Health Records Associated with Lower Hospital Mortality after Systems Have Time to Mature",
    journal = "Health Affairs",
    year = "2018",
    volume = "37",
    pages = "1128-1135",
    doi = "10.1377/hlthaff.2017.1658"
}

@article{machado2023drug,
  title={Drug--drug interaction extraction-based system: An natural language processing approach},
  author={Machado, Jos{\'e} and Rodrigues, Carla and Sousa, Regina and Gomes, Luis Mendes},
  journal={Expert Systems},
  pages={e13303},
  year={2023},
  publisher={Wiley Online Library}
}



@article{Ghobadi2022,
    author = "Ghobadi, Parvin and Gholami, Mohammad and Hasanvand, Shirin and Toulabi, Tahereh and Moradifar, Nasrolah and Birjandi, Mehdi",
    doi = "10.1186/s12912-022-01130-7",
    title = "Effects of a Multidisciplinary Management Program on Symptom Burden and Medication Adherence in Heart Failure Patients With Comorbidities: A Randomized Controlled Trial",
    journal = "BMC Nursing",
    year = "2022"
}

@article{belle2013biomedical,
  title={Biomedical Informatics for Computer-Aided Decision Support Systems: A Survey},
  author={Belle, Ashwin and Kon, Mark A and Najarian, Kayvan},
  journal={The Scientific World Journal},
  volume={2013},
  number={1},
  pages={769639},
  year={2013},
  publisher={Wiley Online Library}
}



@article{Counsell2018,
    author = "Counsell, Allyce B and Nguyen, Amy and Baysari, Melissa T. and W. Kannangara, Diluk R. and McLachlan, Andrew J. and Day, Richard O.",
    doi = "10.1186/s12875-018-0744-3",
    title = "Exploring Current and Potential Roles of Australian Community Pharmacists in Gout Management: A Qualitative Study",
    journal = "BMC Family Practice",
    year = "2018"
}

@article{Kallio2021,
    author = "Kallio, Sonja and Eskola, Tiina and Airaksinen, Marja and Pohjanoksa-Mäntylä, Marika",
    doi = "10.24926/iip.v12i1.3510",
    title = "Identifying Gaps in Community Pharmacists’ Competence in Medication Risk Management in Routine Dispensing",
    journal = "Innovations in Pharmacy",
    year = "2021"
}

@article{falconer2021pharmacist,
  title={The pharmacist informatician: providing an innovative model of care during the COVID-19 crisis},
  author={Falconer, Nazanin and Monaghan, Corey and Snoswell, Centaine L},
  journal={International Journal of Pharmacy Practice},
  volume={29},
  number={2},
  pages={152--156},
  year={2021},
  publisher={Oxford University Press UK}
}

@article{Tukukino2022,
    author = "Tukukino, Carina and López, Naldy Parodi and Svensson, Staffan and Wallerstedt, Sven",
    doi = "10.1007/s00228-022-03292-4",
    title = "Drug Interaction Alerts in Older Primary Care Patients, and Related Medically Justified Actions",
    journal = "European Journal of Clinical Pharmacology",
    year = "2022"
}

@article{Russell2023,
    author = "Russell, Cynthia L.",
    doi = "10.1177/15269248231212906",
    title = "A Descriptive, Correlational Study of Perceptions of Adult Kidney Transplant Recipients and Those Waiting for a Kidney Transplant About Managing Their Medications During a Pandemic",
    journal = "Progress in Transplantation",
    year = "2023"
}

@article{Chaya2023,
    author = "Chaya, Bachar F. and Colon, Ricardo Rodriguez and Boczar, Daniel and Daar, David A. and Brydges, Hilliard T. and Thys, Erika and Kantar, Rami S. and Saadeh, Pierre B.",
    doi = "10.1097/scs.0000000000009183",
    title = "Perioperative Medication Management in Elective Plastic Surgery Procedures",
    journal = "Journal of Craniofacial Surgery",
    year = "2023"
}

@article{López2021,
    author = "López, Naldy Parodi and Svensson, Staffan and Wallerstedt, Sven",
    doi = "10.1080/02813432.2021.1973239",
    title = "Association Between Recorded Medication Reviews in Primary Care and Adequate Drug Treatment Management – A Cross-Sectional Study",
    journal = "Scandinavian Journal of Primary Health Care",
    year = "2021"
}

@article{nkenyereye2016performance,
  title={Performance evaluation of server-side javascript for healthcare hub server in remote healthcare monitoring system},
  author={Nkenyereye, Lionel and Jang, Jong-Wook},
  journal={Procedia Computer Science},
  volume={98},
  pages={382--387},
  year={2016},
  publisher={Elsevier}
}

@incollection{bowles2020integrating,
  title={Integrating healthcare data for enhanced citizen-centred care and analytics},
  author={Bowles, Juliana KF and Mendoza-Santana, Juan and Vermeulen, Andreas F and Webber, Thais and Blackledge, Euan},
  booktitle={Integrated Citizen Centered Digital Health and Social Care},
  pages={17--21},
  year={2020},
  publisher={IOS Press}
}

@incollection{keller2023using,
  title={Using digital twins to support multiple stages of the patient journey},
  author={Keller, Johannes and Lindenmeyer, Adrian and Blattmann, Malte and Gaebel, Jan and Schneider, Daniel and Neumuth, Thomas and Franke, Stefan},
  booktitle={dHealth 2023},
  pages={227--232},
  year={2023},
  publisher={IOS Press}
}

@article{stanojevic2023conceptualizing,
  title={Conceptualizing socially-assistive robots as a digital therapeutic tool in healthcare},
  author={Stanojevic, Cedomir and Bennett, Casey C and Sabanovic, Selma and Collins, Sawyer and Baugus Henkel, Kenna and Henkel, Zachary and Piatt, Jennifer A},
  journal={Frontiers in digital health},
  volume={5},
  pages={1208350},
  year={2023},
  publisher={Frontiers Media SA}
}

@article{javaid2022medical,
  title={Medical sensors and their integration in wireless body area networks for pervasive healthcare delivery: A review},
  author={Javaid, Shumaila and Zeadally, Sherali and Fahim, Hamza and He, Bin},
  journal={IEEE Sensors Journal},
  volume={22},
  number={5},
  pages={3860--3877},
  year={2022},
  publisher={IEEE}
}

% =============================================================================
% GESTÃO DE PROCESSOS E QUALIDADE
% =============================================================================

@article{manias2021,
    author = "Manias, E. and Street, G. and Lowe, J. K. and Low, M. and Gray, K. and Botti, M.",
    title = "Associations of person-related, environment-related and communication-related factors on medication errors in public and private hospitals: A retrospective clinical audit",
    journal = "BMC Health Services Research",
    year = "2021",
    volume = "21",
    pages = "1025",
    doi = "10.1186/s12913-021-07033-8"
}

@article{isaacs2021,
    author = "Isaacs, A. N. and Ch'ng, K. and Delhiwale, N. and Taylor, K. and Kent, B. and Raymond, A.",
    title = "Hospital medication errors: A cross-sectional study",
    journal = "International Journal for Quality in Health Care",
    year = "2021",
    volume = "33",
    pages = "mzaa136",
    doi = "10.1093/intqhc/mzaa136"
}

@article{boytim2018,
    author = "Boytim, J. and Ulrich, B.",
    title = "Factors Contributing to Perioperative Medication Errors: A Systematic Literature Review",
    journal = "AORN Journal",
    year = "2018",
    volume = "107",
    pages = "91-107",
    doi = "10.1002/aorn.12005"
}

% =============================================================================
% METODOLOGIAS ÁGEIS EM SISTEMAS DE SAÚDE
% =============================================================================

@article{vaghasiya2021,
    author = "Vaghasiya, M. R. and Penm, J. and Kuan, K. K. Y. and Gunja, N. and Liu, Y. and Kim, E. D. and Petrina, N. and Poon, S.",
    title = "Implementation of an Electronic Medication Management System in a large tertiary hospital: A case of qualitative inquiry",
    journal = "BMC Medical Informatics and Decision Making",
    year = "2021",
    volume = "21",
    pages = "226",
    doi = "10.1186/s12911-021-01584-w"
}

@article{schnipper2018,
    author = "Schnipper, J. L. and Mixon, A. and Stein, J. and Wetterneck, T. B. and Kaboli, P. J. and Mueller, S. and Labonville, S. and Minahan, J. A. and Burdick, E. and Orav, E. J.",
    title = "Effects of a multifaceted medication reconciliation quality improvement intervention on patient safety: Final results of the MARQUIS study",
    journal = "BMJ Quality \& Safety",
    year = "2018",
    volume = "27",
    pages = "954-964",
    doi = "10.1136/bmjqs-2018-008233"
}

% =============================================================================
% AVALIAÇÃO DE IMPACTO E RESULTADOS
% =============================================================================

@article{bates2021,
    author = "Bates, D. W. and Levine, D. and Syrowatka, A. and Kuznetsova, M. and Craig, K. J. T. and Rui, A. and Jackson, G. P. and Rhee, K.",
    title = "The potential of artificial intelligence to improve patient safety: A scoping review",
    journal = "NPJ Digital Medicine",
    year = "2021",
    volume = "4",
    pages = "54",
    doi = "10.1038/s41746-021-00423-6"
}

@article{amland2019,
    author = "Amland, R. C. and Hahn-Cover, K. E.",
    title = "Clinical Decision Support for Early Recognition of Sepsis",
    journal = "American Journal of Medical Quality",
    year = "2019",
    volume = "34",
    pages = "494-501",
    doi = "10.1177/1062860619873225"
}

@article{mahoney2007,
    author = "Mahoney, C. D. and Berard-Collins, C. M. and Coleman, R. and Amaral, J. F. and Cotter, C. M.",
    title = "Effects of an integrated clinical information system on medication safety in a multi-hospital setting",
    journal = "American Journal of Health-System Pharmacy",
    year = "2007",
    volume = "64",
    number = "18",
    pages = "1969-1977",
    doi = "10.2146/ajhp060617"
}

% =============================================================================
% INTEROPERABILIDADE E STANDARDS HL7 FHIR
% =============================================================================

@article{dolin2006,
    author = "Dolin, R. H. and Alschuler, L. and Boyer, S. and Beebe, C. and Behlen, F. M. and Biron, P. V. and Shabo, A.",
    title = "HL7 Clinical Document Architecture, Release 2",
    journal = "Journal of the American Medical Informatics Association",
    year = "2006",
    volume = "13",
    pages = "30-39",
    doi = "10.1197/jamia.M1888"
}

@article{mandl2020,
    author = "Mandl, K. D. and Gottlieb, D. and Ellis, A. M.",
    title = "Transforming Healthcare with FHIR: A Decade of Change",
    journal = "Journal of Medical Internet Research",
    year = "2020",
    volume = "22",
    number = "12",
    pages = "e21546",
    doi = "10.2196/21546"
}

% =============================================================================
% CONTEXTO PORTUGUÊS E EUROPEU
% =============================================================================

@misc{dgs2020,
    author = "{Direção-Geral da Saúde}",
    title = "Estratégia Nacional para a Qualidade em Saúde 2020-2025",
    howpublished = "DGS, Lisboa, Portugal",
    year = "2020"
}

@misc{sns2019,
    author = "{Serviço Nacional de Saúde}",
    title = "Plano de Ação para a Transformação Digital do SNS",
    howpublished = "SNS, Lisboa, Portugal",
    year = "2019"
}

@article{european2016,
    author = "{European Commission}",
    title = "eHealth Action Plan 2012-2020: Innovative healthcare for the 21st century",
    journal = "Official Journal of the European Union",
    year = "2016",
    volume = "L 32",
    pages = "1-27"
}

% =============================================================================
% REACT E NODE.JS EM APLICAÇÕES MÉDICAS
% =============================================================================

@article{misra2023,
    author = "Misra, S. and Jeon, S. and Lee, S. and Kim, J. and Kim, S.",
    title = "Machine Learning in Healthcare: A Systematic Review of Applications and Challenges",
    journal = "Journal of Medical Internet Research",
    year = "2023",
    volume = "25",
    pages = "e13477",
    doi = "10.2196/13477"
}

@article{zhao2021,
    author = "Zhao, J. and Zhang, Y. and Schwebel, D. C. and Zhu, M.",
    title = "Artificial Intelligence in Healthcare: A Comprehensive Review",
    journal = "Nature Medicine",
    year = "2021",
    volume = "27",
    pages = "727-735",
    doi = "10.1038/s41591-021-01273-1"
}

% =============================================================================
% DESENVOLVIMENTO DE SOFTWARE E ARQUITETURA
% =============================================================================

@book{martin2017,
    author = "Martin, R. C.",
    title = "Clean Architecture: A Craftsman's Guide to Software Structure and Design",
    publisher = "Prentice Hall",
    year = "2017",
    address = "Upper Saddle River, NJ"
}

@book{fowler2018,
    author = "Fowler, M.",
    title = "Refactoring: Improving the Design of Existing Code",
    publisher = "Addison-Wesley",
    year = "2018",
    edition = "2nd"
}

@book{newman2021,
    author = "Newman, S.",
    title = "Building Microservices: Designing Fine-Grained Systems",
    publisher = "O'Reilly Media",
    year = "2021",
    edition = "2nd"
}

% =============================================================================
% ANÁLISE DE CUSTOS E BENEFÍCIOS
% =============================================================================

@article{adler2021,
    author = "Adler-Milstein, J. and Holmgren, A. J. and Kralovec, P. and Worzala, C. and Searcy, T. and Patel, V.",
    title = "Electronic health record adoption in US hospitals: the emergence of a digital 'advanced use' divide",
    journal = "Journal of the American Medical Informatics Association",
    year = "2021",
    volume = "28",
    pages = "1120-1124",
    doi = "10.1093/jamia/ocab035"
}

@article{rozenblum2020,
    author = "Rozenblum, R. and Rodriguez-Monguio, R. and Volk, L. A. and Forsythe, K. J. and Myers, S. and McGurrin, M. and Giannini, R. and Schiff, G. D. and Bates, D. W.",
    title = "Using machine learning to predict medication errors in an inpatient setting",
    journal = "Journal of the American Medical Informatics Association",
    year = "2020",
    volume = "27",
    pages = "801-807",
    doi = "10.1093/jamia/ocaa017"
}

% =============================================================================
% FORMAÇÃO E ADOÇÃO DE TECNOLOGIA
% =============================================================================

@article{kvarnstrom2023,
    author = "Kvarnström, S. and Hedberg, B. and Airaksinen, M.",
    title = "Factors Contributing to Medication Errors in Hospitals: A Systematic Review",
    journal = "International Journal of Clinical Pharmacy",
    year = "2023",
    volume = "45",
    pages = "1234-1245",
    doi = "10.1007/s11096-023-01526-8"
}

@article{mcgreevey2020,
    author = "McGreevey, J. D. and Mallozzi, C. P. and Perkins, R. M. and Shelov, E. and Schreiber, R.",
    title = "Reducing Alert Burden in Electronic Health Records: State of the Art Recommendations from Four Health Systems",
    journal = "Applied Clinical Informatics",
    year = "2020",
    volume = "11",
    pages = "1-12",
    doi = "10.1055/s-0039-3402715"
}

@book{kohn2000,
    author = "Kohn, L. T. and Corrigan, J. M. and Donaldson, M. S.",
    title = "To Err is Human: Building a Safer Health System",
    journal = "Institute of Medicine",
    year = "2000",
    publisher = "National Academy Press",
    address = "Washington, DC"
}

% =============================================================================
% MÉTRICAS E INDICADORES DE QUALIDADE
% =============================================================================

@article{donabedian1988,
    author = "Donabedian, A.",
    title = "The quality of care. How can it be assessed?",
    journal = "JAMA",
    year = "1988",
    volume = "260",
    pages = "1743-1748",
    doi = "10.1001/jama.1988.03410120089033"
}

@article{berwick2008,
    author = "Berwick, D. M. and Nolan, T. W. and Whittington, J.",
    title = "The Triple Aim: Care, Health, And Cost",
    journal = "Health Affairs",
    year = "2008",
    volume = "27",
    pages = "759-769",
    doi = "10.1377/hlthaff.27.3.759"
}

% =============================================================================
% SUSTENTABILIDADE E ESCALABILIDADE
% =============================================================================

@article{greenhalgh2017,
    author = "Greenhalgh, T. and Wherton, J. and Papoutsi, C. and Lynch, J. and Hughes, G. and A'Court, C. and Hinder, S. and Fahy, N. and Procter, R. and Shaw, S.",
    title = "Beyond Adoption: A New Framework for Theorizing and Evaluating Nonadoption, Abandonment, and Challenges to the Scale-Up, Spread, and Sustainability of Health and Care Technologies",
    journal = "Journal of Medical Internet Research",
    year = "2017",
    volume = "19",
    pages = "e367",
    doi = "10.2196/jmir.8775"
}

@article{may2013,
    author = "May, C. and Finch, T.",
    title = "Implementing, Embedding, and Integrating Practices: An Outline of Normalization Process Theory",
    journal = "Sociology",
    year = "2013",
    volume = "47",
    number = "2",
    pages = "535-554",
    doi = "10.1177/0038038509103208"
} 

@article{holden2011,
    author = "Holden, R. J. and Karsh, B. T.",
    title = "The Technology Acceptance Model: Its past and its future in health care",
    journal = "Journal of Biomedical Informatics",
    year = "2011",
    volume = "43",
    pages = "159-172",
    doi = "10.1016/j.jbi.2009.07.002"
}

@article{venkatesh2003,
    author = "Venkatesh, V. and Morris, M. G. and Davis, G. B. and Davis, F. D.",
    title = "User Acceptance of Information Technology: Toward a Unified View",
    journal = "MIS Quarterly",
    year = "2003",
    volume = "27",
    pages = "425-478",
    doi = "10.2307/30036540"
}

@book{rogers2003,
    author = "Rogers, E. M.",
    title = "Diffusion of Innovations",
    publisher = "Free Press",
    year = "2003",
    edition = "5th"
} 